<?xml version="1.0" encoding="UTF-8"?>
<record xmlns="http://www.loc.gov/MARC21/slim" xmlns:xsi="http://www.w3.org/2001/XMLSchema-instance" xsi:schemaLocation="http://www.loc.gov/MARC21/slim http://www.loc.gov/standards/marcxml/schema/MARC21slim.xsd">
<leader>00000cam a22      a 4500</leader>
<controlfield tag="001">001679129</controlfield>
<controlfield tag="003">NNU</controlfield>
<controlfield tag="005">20150803174337.0</controlfield>
<controlfield tag="008">811002s1968    iq       b    000 0 arar</controlfield>
<datafield tag="010" ind1=" " ind2=" ">
<subfield code="a">   78961610</subfield>
</datafield>
<datafield tag="035" ind1=" " ind2=" ">
<subfield code="a">(OCoLC)7809829</subfield>
<subfield code="z">(OCoLC)29174362</subfield>
</datafield>
<datafield tag="040" ind1=" " ind2=" ">
<subfield code="a">DLC</subfield>
<subfield code="b">eng</subfield>
<subfield code="c">TKN</subfield>
<subfield code="d">DLC</subfield>
<subfield code="d">ZCU</subfield>
<subfield code="d">ORZ</subfield>
<subfield code="d">OCLCF</subfield>
<subfield code="d">OCLCQ</subfield>
<subfield code="d">OCL</subfield>
<subfield code="d">OCLCO</subfield>
</datafield>
<datafield tag="050" ind1="0" ind2="0">
<subfield code="a">KBP633.32.K57</subfield>
<subfield code="b">A38 1968</subfield>
</datafield>
<datafield tag="100" ind1="1" ind2=" ">
<subfield code="6">880-01</subfield>
<subfield code="a">Kishkī, Muḥammad ʻAbd al-Raḥīm.</subfield>
</datafield>
<datafield tag="245" ind1="1" ind2="3">
<subfield code="6">880-02</subfield>
<subfield code="a">al-Tarikah wa-mā yataʻallaqu bi-hā min al-huqūq</subfield>
<subfield code="c">[taʼlīf] Muḥammad ʻAbd al-Raḥīm al-Kishkī.</subfield>
</datafield>
<datafield tag="260" ind1=" " ind2=" ">
<subfield code="6">880-03</subfield>
<subfield code="a">[Baghdād]</subfield>
<subfield code="b">Dār al-nadhīr lil-ṭibāʻah wa-al-nashr</subfield>
<subfield code="c">[1968]</subfield>
</datafield>
<datafield tag="300" ind1=" " ind2=" ">
<subfield code="a">222 pages</subfield>
<subfield code="c">24 cm</subfield>
</datafield>
<datafield tag="336" ind1=" " ind2=" ">
<subfield code="a">text</subfield>
<subfield code="b">txt</subfield>
<subfield code="2">rdacontent</subfield>
</datafield>
<datafield tag="337" ind1=" " ind2=" ">
<subfield code="a">unmediated</subfield>
<subfield code="b">n</subfield>
<subfield code="2">rdamedia</subfield>
</datafield>
<datafield tag="338" ind1=" " ind2=" ">
<subfield code="a">volume</subfield>
<subfield code="b">nc</subfield>
<subfield code="2">rdacarrier</subfield>
</datafield>
<datafield tag="500" ind1=" " ind2=" ">
<subfield code="6">880-04</subfield>
<subfield code="a">"Mulakhkhaṣ al-durūs al-latī Ulqīyat ʻalā ṭullāb al-Mājlstīr fī qism al-Sharīʻah al-Islāmīyah-bi-maʻhad al-dirāsāt al-Islamīyah al-ulyā-bi-jamiʻat Baghdād Sanat 1967-1968."</subfield>
</datafield>
<datafield tag="504" ind1=" " ind2=" ">
<subfield code="a">Includes bibliographical references (pages 213-215).</subfield>
</datafield>
<datafield tag="650" ind1=" " ind2="0">
<subfield code="a">Decedents' estates (Islamic law)</subfield>
</datafield>
<datafield tag="650" ind1=" " ind2="0">
<subfield code="a">Inheritance and succession (Islamic law)</subfield>
</datafield>
<datafield tag="650" ind1=" " ind2="0">
<subfield code="a">Wills (Islamic law)</subfield>
</datafield>
<datafield tag="650" ind1=" " ind2="7">
<subfield code="a">Decedents' estates (Islamic law)</subfield>
<subfield code="2">fast</subfield>
<subfield code="0">(OCoLC)fst00888938</subfield>
</datafield>
<datafield tag="650" ind1=" " ind2="7">
<subfield code="a">Inheritance and succession (Islamic law)</subfield>
<subfield code="2">fast</subfield>
<subfield code="0">(OCoLC)fst00973401</subfield>
</datafield>
<datafield tag="650" ind1=" " ind2="7">
<subfield code="a">Wills (Islamic law)</subfield>
<subfield code="2">fast</subfield>
<subfield code="0">(OCoLC)fst01175536</subfield>
</datafield>
<datafield tag="776" ind1="0" ind2="8">
<subfield code="i">Online version:</subfield>
<subfield code="a">Kishkī, Muḥammad ʻAbd al-Raḥīm.</subfield>
<subfield code="t">Tarikah wa-mā yataʻallaqu bi-hā min al-huqūq.</subfield>
<subfield code="d">[Baghdād] Dār al-nadhīr lil-ṭibāʻah wa-al-nashr [1968]</subfield>
<subfield code="w">(OCoLC)605382252</subfield>
</datafield>
<datafield tag="880" ind1="1" ind2=" ">
<subfield code="6">100-01/</subfield>
<subfield code="a">كشكي، محمد عبد الرحيم.</subfield>
</datafield>
<datafield tag="880" ind1="1" ind2="3">
<subfield code="6">245-02/</subfield>
<subfield code="a">التركة وما يتعلق بها من الحقوق</subfield>
<subfield code="c">[تأليف] محمد عبد الرحيم الكشكي.</subfield>
</datafield>
<datafield tag="880" ind1=" " ind2=" ">
<subfield code="6">260-03/</subfield>
<subfield code="a">[بغداد :</subfield>
<subfield code="b">دار النذير للطباعة والنشر،</subfield>
<subfield code="c">[1968]</subfield>
</datafield>
<datafield tag="880" ind1=" " ind2=" ">
<subfield code="6">500-04/</subfield>
<subfield code="a">"ملخص الدروس التي القيت على طلاب الماجستير في قسم الشريعة الاسلامية-بمعهد الدراسات الاسلمية العليا-بجامعة بغداد سنة 1967-1968."</subfield>
</datafield>
<datafield tag="OWN" ind1=" " ind2=" ">
<subfield code="a">GENERAL</subfield>
</datafield>
<datafield tag="AVA" ind1=" " ind2=" ">
<subfield code="a">NYU50</subfield>
<subfield code="b">BOBST</subfield>
<subfield code="c">Main Collection</subfield>
<subfield code="d">HB715 .K53</subfield>
<subfield code="e">unavailable</subfield>
<subfield code="t">Unavailable</subfield>
<subfield code="f">1</subfield>
<subfield code="g">1</subfield>
<subfield code="h">N</subfield>
<subfield code="i">0</subfield>
<subfield code="j">MAIN</subfield>
<subfield code="k">0</subfield>
</datafield>
</record>
